@book{aima, 
author={Stuart Russel and Peter Norvig},
title={Artificial Intelligence: A Modern Approach Second Edition},
publisher={Prentice Hall},
year={2003}
}

@book{riai, 
author={Richard S. Sutton and Andrew G. Barto}, 
title={Reinforcement Learning: An Introduction}, 
publisher={MIT Press}, 
year={1998}
}

@misc{wiki,
  title = "Wikipedia: Q-learning",
  author = "http://en.wikipedia.org/wiki/Q-learning" 
}
