@book{aima, 
author={Stuart Russel and Peter Norvig},
title={Artificial Intelligence: A Modern Approach Second Edition},
publisher={Prentice Hall},
year={2003}
}

@article{Quinlan,
	author = "Quinlan, J. R.",
	year = "1986",
	title = "Induction of decision trees",
	journal = "Machine Learning",
	volume = "1",
	pages = "81--106",
}

@misc{genp,
  title = "Wikipedia: Genetic Programming",
  url = "http://en.wikipedia.org/wiki/Genetic_programming" 
}

@misc{gentut, 
title="GeneticProgamming.com: The GP Tutorial", 
url="http://www.geneticprogramming.com/Tutorial/"
}
